1941 3255
113 167 368 205 ALMQUIST,
401 162 801 196 SKANDINAVISKA
832 157 1028 189 FORMER
1059 156 1117 185 AF
1148 154 1268 184 ROSA
1301 149 1581 181 AFZELIANA.
1620 139 1669 176 61

429 342 535 383 Var.
569 340 888 384 Koehleriana
918 336 1033 376 MTS.
1066 334 1111 374 in
1143 331 1295 374 sched.

602 451 608 461 .
660 413 1081 469 (Hirti-clarifolia.)

178 529 281 572 Bild
302 532 353 571 37
379 524 726 580 (Oskarshamnt
748 522 799 563 O.
820 521 1049 569 K'oHLER3
1070 518 1177 572 orig.
1199 530 1267 557 cx.
1281 517 1307 567 ).

177 596 350 639 Foliola
385 593 503 635 infra
538 592 699 633 leviter
733 587 1044 644 pubescentia,
1083 590 1285 626 ceterum
1320 584 1483 635 praeter
1518 577 1678 619 dentes

67 670 137 720 (ut
182 664 315 707 solito
344 663 391 703 in
417 660 516 714 qls.)
545 658 698 714 paullo
726 657 911 698 latiores
940 653 1259 705 brevioresque
1288 659 1539 702 congruens
1574 657 1678 685 cum

615 2349 700 2381 Bild
725 2349 778 2382 37.
826 2348 898 2379 Glf.
926 2345 1186 2377 Koehleriann.

90 2505 144 2557 ql.
176 2517 269 2543 var.
298 2501 530 2553 clmijolia,
559 2500 689 2553 cujus
716 2495 945 2551 diagnosis
972 2493 1056 2533 hoc
1083 2491 1181 2532 loco
1208 2489 1346 2529 datur
1379 2486 1474 2539 (cfr.
1514 2482 1703 2526 ›>Skand.

93 2573 142 2613 ff.
177 2572 244 2612 &»
273 2570 348 2623 fig.
383 2571 475 2620 74):
507 2567 663 2609 differt
693 2579 720 2606 a
756 2564 913 2618 typica
963 2556 1303 2601 *Lz'nclvstsroemiei
1349 2553 1513 2595 foliolis
1559 2550 1706 2592 colore

93 2638 229 2693 vulgo
250 2636 439 2677 dilutius
459 2633 739 2681 flavescenti,
762 2631 860 2671 basi
881 2632 1077 2682 angusta
1097 2629 1227 2679 parte
1248 2621 1412 2677 apicali
1449 2619 1592 2674 magis
1629 2617 1707 2658 ab·

94 2705 302 2747 breviata
325 2704 370 2743 in
393 2715 584 2743 acumen
607 2706 743 2742 tenue
757 2696 960 2744 abeunti,
976 2695 1124 2735 forma>
1138 2691 1238 2732 ideo
1258 2702 1378 2731 nunc
1399 2689 1443 2729 in
1463 2686 1708 2739 oblongam

94 2787 213 2814 nunc
253 2772 298 2812 in
322 2770 572 2811 obovatam
609 2766 828 2820 vergenti,
868 2761 1083 2804 dentibus
1110 2758 1320 2800 acumine
1345 2756 1556 2809 elongato
1583 2752 1709 2794 tenui

96 2839 311 2895 praeditis,
337 2836 505 2878 aculeis
530 2833 764 2875 fuscidulis
789 2828 1100 2876 validioribus,
1127 2825 1290 2880 petalis
1331 2821 1511 2877 pallidis
1546 2833 1709 2873 angus-

97 2908 155 2948 tis
188 2906 271 2957 (cfr
298 2905 373 2959 fig.
406 2907 457 2945 37
486 2908 531 2943 et
562 2903 652 2952 34).
716 2897 1051 2950 Pseudocarpia
1079 2893 1316 2948 angustius
1344 2888 1611 2944 pyriformia
1639 2885 1710 2926 vel

97 2973 306 3027 oblonga.
